<?xml version="1.0" encoding="UTF-8"?><collection xmlns="http://www.loc.gov/MARC21/slim"><record><leader>00494nam--2200133-i-4500</leader><controlfield tag="001">000038457</controlfield><controlfield tag="002">20161230</controlfield><controlfield tag="005">20161230201041</controlfield><controlfield tag="008">060222s1000------------r-----000-0-eng-d</controlfield><datafield ind1=" " ind2=" " tag="100"><subfield code="a">Redding, T.H</subfield></datafield><datafield ind1=" " ind2=" " tag="245"><subfield code="a">Reciprocals of the integers from 1000 to 9999. arranged for use with mechanical calculating machines to facilitate the evalluation of quotients and compound fractions</subfield></datafield><datafield ind1=" " ind2=" " tag="260"><subfield code="a">London, Taylor &amp; Francis Ltd.,1960. 42 P. + 8 Fig</subfield></datafield><datafield ind1=" " ind2=" " tag="852"><subfield code="a">17414</subfield><subfield code="c">518.2</subfield></datafield><datafield ind1=" " ind2=" " tag="CAT"><subfield code="a">Sys</subfield><subfield code="c">20091005</subfield><subfield code="h">064850</subfield></datafield></record></collection>